
@article{lee_global_1995,
	title = {Global model of {Ar}, {O}2, {Cl}2, and {Ar}/{O}2 high‐density plasma discharges},
	volume = {13},
	issn = {0734-2101, 1520-8559},
	url = {http://avs.scitation.org/doi/10.1116/1.579366},
	doi = {10.1116/1.579366},
	language = {en},
	number = {2},
	urldate = {2019-09-25},
	journal = {Journal of Vacuum Science \& Technology A: Vacuum, Surfaces, and Films},
	author = {Lee, C. and Lieberman, M. A.},
	month = mar,
	year = {1995},
	keywords = {Oxygen, Global Model, Kinetic Scheme, Argon, Chlorine},
	pages = {368--380},
	file = {Lee and Lieberman - 1995 - Global model of Ar, O2, Cl2, and ArO2 high‐densit.pdf:/home/martin/Gdrive/Zotero/Lee and Lieberman - 1995 - Global model of Ar, O2, Cl2, and ArO2 high‐densit.pdf:application/pdf}
}

@book{lieberman_principles_2005,
	address = {Hoboken, N.J},
	edition = {2nd ed},
	title = {Principles of plasma discharges and materials processing},
	isbn = {978-0-471-72001-0},
	publisher = {Wiley-Interscience},
	author = {Lieberman, M. A. and Lichtenberg, Allan J.},
	year = {2005},
	note = {OCLC: ocm56752658},
	keywords = {Industrial applications, Plasma chemistry, Plasma dynamics, Plasma etching, Surfaces, Thin films},
	file = {Lieberman and Lichtenberg - 2005 - Principles of Plasma Discharges and Materials Processing.pdf:/home/martin/Gdrive/Zotero/Lieberman and Lichtenberg - 2005 - Principles of Plasma Discharges and Materials Processing.pdf:application/pdf}
}

@article{lietz_air_2016,
	title = {Air plasma treatment of liquid covered tissue: long timescale chemistry},
	volume = {49},
	issn = {0022-3727, 1361-6463},
	shorttitle = {Air plasma treatment of liquid covered tissue},
	url = {http://stacks.iop.org/0022-3727/49/i=42/a=425204?key=crossref.8dd17a8098c63dbf3b8dc775736cce0c},
	doi = {10.1088/0022-3727/49/42/425204},
	number = {42},
	urldate = {2019-09-25},
	journal = {Journal of Physics D: Applied Physics},
	author = {Lietz, Amanda M and Kushner, Mark J},
	month = oct,
	year = {2016},
	keywords = {Oxygen, Global Model, Air, Hydrogen, Kinetic Scheme},
	pages = {425204},
	file = {Lietz and Kushner - 2016 - Air plasma treatment of liquid covered tissue lon.pdf:/home/martin/Gdrive/Zotero/Lietz and Kushner - 2016 - Air plasma treatment of liquid covered tissue lon.pdf:application/pdf}
}

@article{stoffels_negative_1995,
	title = {Negative {Ions} in {Low} {Pressure} {Discharges}},
	volume = {35},
	issn = {08631042, 15213986},
	url = {http://doi.wiley.com/10.1002/ctpp.2150350404},
	doi = {10.1002/ctpp.2150350404},
	language = {en},
	number = {4-5},
	urldate = {2020-02-28},
	journal = {Contributions to Plasma Physics},
	author = {Stoffels, E. and Stoffels, W. W. and Vender, D. and Haverlag, M. and Kroesen, G. M. W. and de Hoog, F. J.},
	year = {1995},
	pages = {331--357},
	file = {Stoffels et al. - 1995 - Negative Ions in Low Pressure Discharges.pdf:/home/martin/Gdrive/Zotero/Stoffels et al. - 1995 - Negative Ions in Low Pressure Discharges.pdf:application/pdf}
}

@article{schroter_numerical_2018,
	title = {Numerical study of the influence of surface reaction probabilities on reactive species in an rf atmospheric pressure plasma containing humidity},
	volume = {60},
	issn = {0741-3335, 1361-6587},
	url = {http://stacks.iop.org/0741-3335/60/i=1/a=014035?key=crossref.ef5e76124ccced72bd770f1d08609a50},
	doi = {10.1088/1361-6587/aa8fe9},
	number = {1},
	urldate = {2019-09-25},
	journal = {Plasma Physics and Controlled Fusion},
	author = {Schröter, Sandra and Gibson, Andrew R and Kushner, Mark J and Gans, Timo and O’Connell, Deborah},
	month = jan,
	year = {2018},
	keywords = {Global Model, Surface Reactions},
	pages = {014035},
}